{
  "monthlySales": [
    {
      "date": "2023-01-31",
      "sales": 450
    },
    {
      "date": "2023-02-28",
      "sales": 300
    },
    {
      "date": "2023-03-31",
      "sales": 200
    },
    {
      "date": "2023-04-30",
      "sales": 50
    },
    {
      "date": "2023-05-31",
      "sales": 40
    },
    {
      "date": "2023-06-30",
      "sales": 300
    },
    {
      "date": "2023-07-31",
      "sales": 320
    },
    {
      "date": "2023-08-31",
      "sales": 500
    },
    {
      "date": "2023-09-30",
      "sales": 350
    },
    {
      "date": "2023-10-31",
      "sales": 200
    },
    {
      "date": "2023-11-30",
      "sales": 230
    },
    {
      "date": "2023-12-31",
      "sales": 500
    }
  ],
  "dailySalesDeltaPercent": 15,
  "lastUpdatedDate": "03-20-2024, 5:35:56 PM"
}